<record><leader>00000cas a22000007a 4500</leader><controlfield tag="001">27715370</controlfield><controlfield tag="008">930311d18801919ncuir ne      0    0eng d</controlfield><datafield ind1=" " ind2=" " tag="010"><subfield code="a">sn 93064764 </subfield></datafield><datafield ind1=" " ind2=" " tag="040"><subfield code="a">NVJ</subfield><subfield code="b">eng</subfield><subfield code="c">NVJ</subfield><subfield code="d">OCLCQ</subfield></datafield><datafield ind1=" " ind2=" " tag="042"><subfield code="a">msc</subfield></datafield><datafield ind1="0" ind2=" " tag="130"><subfield code="a">Gastonia gazette (Gastonia, N.C. : 1880)</subfield></datafield><datafield ind1="1" ind2="4" tag="245"><subfield code="a">The Gastonia gazette.</subfield></datafield><datafield ind1=" " ind2=" " tag="260"><subfield code="a">Gastonia, Gaston Co., N.C. :</subfield><subfield code="b">Geo. W. Chalk</subfield></datafield><datafield ind1=" " ind2=" " tag="300"><subfield code="a">v.</subfield></datafield><datafield ind1=" " ind2=" " tag="310"><subfield code="a">Triweekly,</subfield><subfield code="b">May 14, 1917-Aug. 29, 1919</subfield></datafield><datafield ind1=" " ind2=" " tag="321"><subfield code="a">Weekly,</subfield><subfield code="b">Feb. 21, 1880-Mar. 27, 1902</subfield></datafield><datafield ind1=" " ind2=" " tag="321"><subfield code="a">Semiweekly,</subfield><subfield code="b">Apr. 1, 1902-May 11, 1917</subfield></datafield><datafield ind1="0" ind2=" " tag="362"><subfield code="a">Vol. 1, no. 1 (Feb. 21, 1880)-v. 40, no. 104 (Aug. 29, 1919).</subfield></datafield><datafield ind1=" " ind2=" " tag="752"><subfield code="a">United States</subfield><subfield code="b">North Carolina</subfield><subfield code="c">Gaston</subfield><subfield code="d">Gastonia.</subfield></datafield><datafield ind1="0" ind2="0" tag="785"><subfield code="t">Daily gazette (Gastonia, N.C.)</subfield><subfield code="w">(DLC)sn 97064504</subfield></datafield></record>